@ARTICLE{hansen2016cocoplat, 
  author = {Hansen, N. and Auger, A. and Mersmann, O. and 
             Tu{\v s}ar, T. and Brockhoff, D.},
  title = {{COCO}: A Platform for Comparing Continuous Optimizers 
             in a Black-Box Setting},
  journal = {ArXiv e-prints},
  volume = {arXiv:1603.08785},
  year = 2016
}
@article{biobj2016func,
  title={COCO: The Bi-objective Black Box Optimization Benchmarking (bbob-biobj) Test Suite},
  author={Tusar, Tea and Brockhoff, Dimo and Hansen, Nikolaus and Auger, Anne},
  journal={arXiv preprint arXiv:1604.00359},
  year={2016}
}
@article{zitzler2004indicator,
  title={Indicator-based selection in multiobjective search},
  author={Zitzler, Eckart and K{\"u}nzli, Simon},
  booktitle={International Conference on Parallel Problem Solving from Nature},
  pages={832--842},
  year={2004},
  organization={Springer}
}

@article{beyer2001self,
  title={Self-adaptive genetic algorithms with simulated binary crossover},
  author={Beyer, Hans-Georg and Deb, Kalyanmoy},
  year={2001},
  institution={Universit{\"a}t Dortmund}
}

@article{deb1994simulated,
  title={Simulated binary crossover for continuous search space},
  author={Deb, Kalyanmoy and Agrawal, Ram B},
  journal={Complex Systems},
  volume={9},
  number={3},
  pages={1--15},
  year={1994},
  publisher={Citeseer}
}
@article{hansen2016exp,
  title={COCO: The Experimental Procedure},
  author={Hansen, Nikolaus and Tusar, Tea and Mersmann, Olaf and Auger, Anne and Brockhoff, Dimo},
  journal={arXiv preprint arXiv:1603.08776},
  year={2016}
}
@article{brockhoff2016biobjective,
  title={Biobjective Performance Assessment with the COCO Platform},
  author={Brockhoff, Dimo and Tu{\v{s}}ar, Tea and Tu{\v{s}}ar, Dejan and Wagner, Tobias and Hansen, Nikolaus and Auger, Anne},
  journal={arXiv preprint arXiv:1605.01746},
  year={2016}
}
                  
@article{hansen2015evolution,
  title={Evolution strategies},
  author={Hansen, Nikolaus and Arnold, Dirk V and Auger, Anne},
  booktitle={Springer Handbook of Computational Intelligence},
  pages={871--898},
  year={2015},
  publisher={Springer}
}


